% use `texdoc biblatex` to get help
@www{Nanite2022,
    author = {{Epic Games}},
    title = {Nanite Virtualized Geometry},
    year = {2022},
    url = {https://dev.epicgames.com/documentation/en-us/unreal-engine/nanite-virtualized-geometry-in-unreal-engine?application_version=5.3}
}

@mastersthesis{WangWei2011,
  author  = {王伟},
  title   = {基于可编程GPU大规模虚拟场景实时绘制技术研究},
  school  = {东北石油大学},
  year    = {2011},
  type    = {硕士学位论文}
}

@article{Overton2024,
  author  = {{Overton, S. R.}},
  title   = {LODs and Nanite within Unreal Engine 5: The Future of 3D Asset Creation for Game Engines},
  year    = {2024}
}